%pds references

%Ethics/ Best Practices Papers & Articles
@misc{new2016,
  title = {Living with the algorithms that run our lives},
  howpublished = {\url{https://www.newscientist.com/article/mg22530073.500-living-with-the-algorithms-that-run-our-lives/
}},
  note = {Accessed: 2017-05-21}
}
@misc{algorithms2016,
  title = {No one in control},
  howpublished = {\url{http://thepoliticalgrill.yuku.com/topic/2328/No-one-in-control-The-algorithms-that-run-our-lives}},
  note = {Accessed: 2017-05-21}
}
@misc{principles,
  title = {Principles for accountable algorithms},
  howpublished = {\url{http://www.fatml.org/resources/principles-for-accountable-algorithms
}},
  note = {Accessed: 2017-05-21}
}

@misc{discrimination,
  title = {Discrimination algorithms disparate impact},
  howpublished = {\url{https://www.theatlantic.com/business/archive/2015/09/discrimination-algorithms-disparate-impact/403969/
}},
  note = {Accessed: 2017-05-22}
}
@misc{womenincs,
  title = {Women in Computer Science},
  howpublished = {\url{http://www.computerscience.org/resources/women-in-computer-science/
}},
  note = {Accessed: 2017-06-1}
}
@article{sweeney2013discrimination,
  title={Discrimination in online ad delivery},
  author={Sweeney, Latanya},
  journal={Queue},
  volume={11},
  number={3},
  pages={10},
  year={2013},
  publisher={ACM}
}
@book{united2014big,
  title={Big data: Seizing opportunities, preserving values},
  author={United States. Executive Office of the President and Podesta, John},
  year={2014}
}

@PROCEEDINGS{proceedings,
  title = {Proc.\ o.t. First Workshop on Ethics in NLP
      (Valencia, Spain, April 2017)},
  booktitle = {Proc.\ o.t. First Workshop on Ethics in NLP
      (Valencia, Spain, April 2017)},
  volume = 1,
  series = {},
  publisher = {},
  address = {Valencia, Spain},
  year = {2017}
}

@inproceedings{leidner2017ethical,
  author =       {Jochen L. Leidner and Vassilis Plachouras},
  title =        {Ethical by Design: Ethics Best Practices for Natural Language Processing},
  crossref =     {proceedings},
  pages =        {9--18},
}

@article{angwin2016machine,
  title={Machine bias: There’s software used across the country to predict future criminals and it’s biased against blacks},
  author={Angwin, Julia and Larson, Jeff and Mattu, Surya and Kirchner, Lauren},
  journal={ProPublica, May},
  volume={23},
  year={2016}
}
@inproceedings{thieltges2016devil,
  title={The devil’s triangle: Ethical considerations on developing bot detection methods},
  author={Thieltges, Andree and Schmidt, Florian and Hegelich, Simon},
  booktitle={2016 AAAI Spring Symposium Series},
  year={2016}
}
@inproceedings{hovy2016social,
  title={The social impact of natural language processing},
  author={Hovy, Dirk and Spruit, Shannon L},
  booktitle={Proceedings of the 54th Annual Meeting of the Association for Computational Linguistics},
  volume={2},
  pages={591--598},
  year={2016}
}
@misc{conferences,
  title = {Conferences in Ethics on NLP},
  howpublished = {\url{http://www.ethicsinnlp.org/related-conferences}},
  note = {Accessed: 2017-06-2}
}
%DS Papers
@article{wagner2015s,
  title={It's a man's wikipedia? Assessing gender inequality in an online encyclopedia},
  author={Wagner, Claudia and Garcia, David and Jadidi, Mohsen and Strohmaier, Markus},
  journal={arXiv preprint arXiv:1501.06307},
  year={2015}
}
@article{harris1954distributional,
  title={Distributional structure},
  author={Harris, Zellig S},
  journal={Word},
  volume={10},
  number={2-3},
  pages={146--162},
  year={1954},
  publisher={Taylor \& Francis}
}
@article{boleda2016formal,
  title={Formal distributional semantics: Introduction to the special issue},
  author={Boleda, Gemma and Herbelot, Aur{\'e}lie},
  journal={Computational Linguistics},
  year={2016},
  publisher={MIT Press}
}
@article{chowdhury2003natural,
  title={Natural language processing},
  author={Chowdhury, Gobinda G},
  journal={Annual review of information science and technology},
  volume={37},
  number={1},
  pages={51--89},
  year={2003},
  publisher={Wiley Online Library}
}
@inproceedings{bolukbasi2016man,
  title={Man is to computer programmer as woman is to homemaker? Debiasing word embeddings},
  author={Bolukbasi, Tolga and Chang, Kai-Wei and Zou, James Y and Saligrama, Venkatesh and Kalai, Adam T},
  booktitle={Advances in Neural Information Processing Systems},
  pages={4349--4357},
  year={2016}
}
@inproceedings{herbelot2012distributional,
  title={Distributional techniques for philosophical enquiry},
  author={Herbelot, Aur{\'e}lie and Von Redecker, Eva and M{\"u}ller, Johanna},
  booktitle={Proceedings of the 6th Workshop on Language Technology for Cultural Heritage, Social Sciences, and Humanities},
  pages={45--54},
  year={2012},
  organization={Association for Computational Linguistics}
}
@article{erk2012vector,
  title={Vector space models of word meaning and phrase meaning: A survey},
  author={Erk, Katrin},
  journal={Language and Linguistics Compass},
  volume={6},
  number={10},
  pages={635--653},
  year={2012},
  publisher={Wiley Online Library}
}



%General ML Texts
@article{fayyad2001digital,
  title={The digital physics of data mining},
  author={Fayyad, Usama},
  journal={Communications of the ACM},
  volume={44},
  number={3},
  pages={62--62},
  year={2001},
  publisher={Association for Computing Machinery, Inc.}
}
@article{domingos2012few,
  title={A few useful things to know about machine learning},
  author={Domingos, Pedro},
  journal={Communications of the ACM},
  volume={55},
  number={10},
  pages={78--87},
  year={2012},
  publisher={ACM}
}
@inproceedings{feldman2015certifying,
  title={Certifying and removing disparate impact},
  author={Feldman, Michael and Friedler, Sorelle A and Moeller, John and Scheidegger, Carlos and Venkatasubramanian, Suresh},
  booktitle={Proceedings of the 21th ACM SIGKDD International Conference on Knowledge Discovery and Data Mining},
  pages={259--268},
  year={2015},
  organization={ACM}
}
@article{barocas2016big,
  title={Big data's disparate impact},
  author={Barocas, Solon and Selbst, Andrew D},
  journal={Social Science Research Network Working Paper Series},
  year={2016}
}
}
@inproceedings{dwork2012fairness,
  title={Fairness through awareness},
  author={Dwork, Cynthia and Hardt, Moritz and Pitassi, Toniann and Reingold, Omer and Zemel, Richard},
  booktitle={Proceedings of the 3rd Innovations in Theoretical Computer Science Conference},
  pages={214--226},
  year={2012},
  organization={ACM}
}
@book{pasquale2015black,
  title={The black box society: The secret algorithms that control money and information},
  author={Pasquale, Frank},
  year={2015},
  publisher={Harvard University Press}
}
@article{west2015happens,
  title={What happens if robots take the jobs? The impact of emerging technologies on employment and public policy},
  author={West, Darrell M},
  journal={Centre for Technology Innovation at Brookings, Washington DC},
  year={2015}
}











